<record xmlns="http://www.loc.gov/MARC21/slim" xmlns:xsi="http://www.w3.org/2001/XMLSchema-instance" xsi:schemaLocation="http://www.loc.gov/MARC21/slim http://www.loc.gov/standards/marcxml/schema/MARC21slim.xsd"><leader>     nam a22        4500</leader><controlfield tag="001">001681405</controlfield><controlfield tag="003">NNU</controlfield><controlfield tag="006">m        d        </controlfield><controlfield tag="007">cr cn |||m|||a</controlfield><controlfield tag="008">150313s1970    iq      ob    000 0carax </controlfield><datafield ind1=" " ind2=" " tag="040"><subfield code="a">NNU</subfield><subfield code="b">eng</subfield><subfield code="c">NNU</subfield></datafield><datafield ind1="0" ind2=" " tag="050"><subfield code="a">PJ8047.S34</subfield><subfield code="b">S34</subfield></datafield><datafield ind1="1" ind2=" " tag="100"><subfield code="a">al-S&#257;marr&#257;&#700;&#299;, Y&#363;nus Ibr&#257;h&#299;m.</subfield></datafield><datafield ind1="1" ind2="0" tag="245"><subfield code="a">T&#257;r&#299;kh shu&#699;ar&#257;&#700; S&#257;marr&#257;&#700;</subfield><subfield code="h">[electronic resource] :</subfield><subfield code="b">min ta&#700;s&#299;sih&#225; hatt&#225; al-yawm /</subfield><subfield code="c">bi-qalam Y&#363;nus al-Shaykh Ibr&#257;h&#299;m al-S&#257;marr&#257;&#700;&#299;. Qaddama lahu Nu&#699;m&#257;n M&#257;hir al-Kan&#699;&#257;n&#299;.</subfield></datafield><datafield ind1=" " ind2=" " tag="260"><subfield code="a">Baghd&#257;d :</subfield><subfield code="b">Ma&#7789;ba&#699;at D&#257;r al-Ba&#7779;r&#299;,</subfield><subfield code="c">[1970]</subfield></datafield><datafield ind1=" " ind2=" " tag="300"><subfield code="a">online resource (242 p.)</subfield></datafield><datafield ind1=" " ind2=" " tag="500"><subfield code="a">Part of the Arabic Collections Online (ACO) project, contributed by New York Univeristy Libraries.</subfield></datafield><datafield ind1=" " ind2=" " tag="504"><subfield code="a">Bibliography: p. 236-237.</subfield></datafield><datafield ind1=" " ind2=" " tag="533"><subfield code="a">Electronic reproduction.</subfield><subfield code="b">New York, N.Y. :</subfield><subfield code="c">New York University,</subfield><subfield code="d">2015.</subfield><subfield code="5">NNU</subfield></datafield><datafield ind1=" " ind2="0" tag="650"><subfield code="a">Poets, Iraqi.</subfield></datafield><datafield ind1=" " ind2="0" tag="651"><subfield code="a">S&#257;marr&#257;&#700; (Iraq)</subfield><subfield code="v">Biography.</subfield></datafield><datafield ind1="2" ind2=" " tag="710"><subfield code="a">New York University.</subfield><subfield code="b">Libraries.</subfield></datafield><datafield ind1="0" ind2=" " tag="730"><subfield code="a">Arabic Collections Online.</subfield></datafield><datafield ind1="0" ind2="8" tag="776"><subfield code="i">Print version:</subfield><subfield code="a">al-S&#257;marr&#257;&#700;&#299;, Y&#363;nus Ibr&#257;h&#299;m.</subfield><subfield code="t">T&#257;r&#299;kh shu&#699;ar&#257;&#700; S&#257;marr&#257;&#700;</subfield><subfield code="w">(NNU)001681405</subfield><subfield code="w">(DLC)73962255</subfield></datafield><datafield ind1="4" ind2="0" tag="856"><subfield code="u">http://hdl.handle.net/2333.1/zw3r24qb</subfield></datafield><datafield ind1=" " ind2=" " tag="959"><subfield code="a">NNU</subfield><subfield code="b">WEB</subfield><subfield code="c">GENI</subfield><subfield code="t">0</subfield><subfield code="m">Electronic access</subfield><subfield code="s">01</subfield></datafield><datafield ind1=" " ind2=" " tag="999"><subfield code="i">NNU_001681405</subfield><subfield code="s">nyu_aco000587</subfield><subfield code="e">(ERROR-880)</subfield></datafield></record>